@misc{blog.wp,
  title = {{Verification Challenge 2}: RCU NO\_HZ\_FULL\_SYSIDLE},
  howpublished = {\url{http://paulmck.livejournal.com/38016.html}},
  author = {Paul E. McKenney}
  }